<record><leader>00000cas a22000007a 4500</leader><controlfield tag="001">19366232</controlfield><controlfield tag="008">890315d19891989nyuwr ne      0    0eng d</controlfield><datafield ind1=" " ind2=" " tag="010"><subfield code="a">sn 89071071 </subfield></datafield><datafield ind1=" " ind2=" " tag="040"><subfield code="a">NYS</subfield><subfield code="b">eng</subfield><subfield code="c">NYS</subfield><subfield code="d">OCLCQ</subfield></datafield><datafield ind1=" " ind2=" " tag="042"><subfield code="a">msc</subfield></datafield><datafield ind1="0" ind2="0" tag="245"><subfield code="a">Town &amp; country gazette.</subfield></datafield><datafield ind1="3" ind2="0" tag="246"><subfield code="a">Town and country gazette</subfield></datafield><datafield ind1=" " ind2=" " tag="260"><subfield code="a">Livonia, N.Y. :</subfield><subfield code="b">Downtown Magazine Inc.,</subfield><subfield code="c">1989-1989.</subfield></datafield><datafield ind1=" " ind2=" " tag="300"><subfield code="a">v.</subfield></datafield><datafield ind1=" " ind2=" " tag="310"><subfield code="a">Weekly</subfield></datafield><datafield ind1="0" ind2=" " tag="362"><subfield code="a">Vol. 1, no. 1 (Jan. 17, 1989)-v. 1, no. 6 (Mar. 23, 1989).</subfield></datafield><datafield ind1=" " ind2=" " tag="580"><subfield code="a">Formed by the union of: Honeoye Falls weekly times (Honeoye Falls, N.Y. : 1987); Honeoye Lake courier; Lima recorder; and: Livonia gazette.</subfield></datafield><datafield ind1=" " ind2="4" tag="651"><subfield code="a">Livonia (N.Y.)</subfield><subfield code="v">Newspapers.</subfield></datafield><datafield ind1=" " ind2="4" tag="651"><subfield code="a">Honeoye Falls (N.Y.)</subfield><subfield code="v">Newspapers.</subfield></datafield><datafield ind1=" " ind2="4" tag="651"><subfield code="a">Lima (N.Y.)</subfield><subfield code="v">Newspapers.</subfield></datafield><datafield ind1=" " ind2="4" tag="651"><subfield code="a">Honeoye (N.Y.)</subfield><subfield code="v">Newspapers.</subfield></datafield><datafield ind1=" " ind2=" " tag="752"><subfield code="a">United States</subfield><subfield code="b">New York</subfield><subfield code="c">Livingston</subfield><subfield code="d">Livonia.</subfield></datafield><datafield ind1=" " ind2=" " tag="752"><subfield code="a">United States</subfield><subfield code="b">New York</subfield><subfield code="c">Monroe</subfield><subfield code="d">Honeoye Falls.</subfield></datafield><datafield ind1=" " ind2=" " tag="752"><subfield code="a">United States</subfield><subfield code="b">New York</subfield><subfield code="c">Livingston</subfield><subfield code="d">Lima.</subfield></datafield><datafield ind1=" " ind2=" " tag="752"><subfield code="a">United States</subfield><subfield code="b">New York</subfield><subfield code="c">Ontario</subfield><subfield code="d">Honeoye.</subfield></datafield><datafield ind1="1" ind2="4" tag="780"><subfield code="t">Honeoye Falls weekly times (Honeoye Falls, N.Y. : 1987)</subfield><subfield code="w">(DLC)sn 88074248</subfield></datafield><datafield ind1="1" ind2="4" tag="780"><subfield code="t">Honeoye Lake courier</subfield><subfield code="w">(DLC)sn 88074511</subfield></datafield><datafield ind1="1" ind2="4" tag="780"><subfield code="t">Lima recorder</subfield><subfield code="w">(DLC)sn 83031609</subfield></datafield><datafield ind1="1" ind2="4" tag="780"><subfield code="t">Livonia gazette</subfield><subfield code="w">(DLC)sn 85026747</subfield></datafield></record>